%YAML 1.1
%TAG !u! tag:unity3d.com,2011:
--- !u!1 &2512969848307110401
GameObject:
  m_ObjectHideFlags: 0
  m_CorrespondingSourceObject: {fileID: 0}
  m_PrefabInstance: {fileID: 0}
  m_PrefabAsset: {fileID: 0}
  serializedVersion: 6
  m_Component:
  - component: {fileID: 4634082837692285453}
  m_Layer: 0
  m_Name: mesa picnic (2)
  m_TagString: Untagged
  m_Icon: {fileID: 0}
  m_NavMeshLayer: 0
  m_StaticEditorFlags: 0
  m_IsActive: 1
--- !u!4 &4634082837692285453
Transform:
  m_ObjectHideFlags: 0
  m_CorrespondingSourceObject: {fileID: 0}
  m_PrefabInstance: {fileID: 0}
  m_PrefabAsset: {fileID: 0}
  m_GameObject: {fileID: 2512969848307110401}
  m_LocalRotation: {x: -0, y: 0.2988589, z: -0, w: 0.95429736}
  m_LocalPosition: {x: 494.6628, y: 12.713, z: 533.3068}
  m_LocalScale: {x: 1, y: 1, z: 1}
  m_Children:
  - {fileID: 6521875231390838601}
  - {fileID: 5142558226653506111}
  - {fileID: 2758765821559059518}
  - {fileID: 9105446580984259673}
  - {fileID: 2334407614126116587}
  - {fileID: 6522059986402445240}
  - {fileID: 2334407614583431026}
  - {fileID: 6970759531099814469}
  - {fileID: 8278919235083671146}
  - {fileID: 6207293122331162892}
  - {fileID: 8278919234866247589}
  - {fileID: 8572149092101392170}
  - {fileID: 2312333970243573043}
  m_Father: {fileID: 0}
  m_RootOrder: 0
  m_LocalEulerAnglesHint: {x: 0, y: 34.778, z: 0}
--- !u!1001 &6525105303257717599
PrefabInstance:
  m_ObjectHideFlags: 0
  serializedVersion: 2
  m_Modification:
    m_TransformParent: {fileID: 4634082837692285453}
    m_Modifications:
    - target: {fileID: 2149305291181683040, guid: 102fd982bf89df0479b0f7ae49aa713b,
        type: 3}
      propertyPath: m_RootOrder
      value: 1
      objectReference: {fileID: 0}
    - target: {fileID: 2149305291181683040, guid: 102fd982bf89df0479b0f7ae49aa713b,
        type: 3}
      propertyPath: m_LocalPosition.x
      value: -0.097717285
      objectReference: {fileID: 0}
    - target: {fileID: 2149305291181683040, guid: 102fd982bf89df0479b0f7ae49aa713b,
        type: 3}
      propertyPath: m_LocalPosition.y
      value: 0.84129906
      objectReference: {fileID: 0}
    - target: {fileID: 2149305291181683040, guid: 102fd982bf89df0479b0f7ae49aa713b,
        type: 3}
      propertyPath: m_LocalPosition.z
      value: -0.61190796
      objectReference: {fileID: 0}
    - target: {fileID: 2149305291181683040, guid: 102fd982bf89df0479b0f7ae49aa713b,
        type: 3}
      propertyPath: m_LocalRotation.w
      value: 1
      objectReference: {fileID: 0}
    - target: {fileID: 2149305291181683040, guid: 102fd982bf89df0479b0f7ae49aa713b,
        type: 3}
      propertyPath: m_LocalRotation.x
      value: -0
      objectReference: {fileID: 0}
    - target: {fileID: 2149305291181683040, guid: 102fd982bf89df0479b0f7ae49aa713b,
        type: 3}
      propertyPath: m_LocalRotation.y
      value: -0
      objectReference: {fileID: 0}
    - target: {fileID: 2149305291181683040, guid: 102fd982bf89df0479b0f7ae49aa713b,
        type: 3}
      propertyPath: m_LocalRotation.z
      value: -0
      objectReference: {fileID: 0}
    - target: {fileID: 2149305291181683040, guid: 102fd982bf89df0479b0f7ae49aa713b,
        type: 3}
      propertyPath: m_LocalEulerAnglesHint.x
      value: 0
      objectReference: {fileID: 0}
    - target: {fileID: 2149305291181683040, guid: 102fd982bf89df0479b0f7ae49aa713b,
        type: 3}
      propertyPath: m_LocalEulerAnglesHint.y
      value: 0
      objectReference: {fileID: 0}
    - target: {fileID: 2149305291181683040, guid: 102fd982bf89df0479b0f7ae49aa713b,
        type: 3}
      propertyPath: m_LocalEulerAnglesHint.z
      value: 0
      objectReference: {fileID: 0}
    - target: {fileID: 2149305291182173504, guid: 102fd982bf89df0479b0f7ae49aa713b,
        type: 3}
      propertyPath: m_Name
      value: EA_Items_House_bowl_wod_2_PRE
      objectReference: {fileID: 0}
    m_RemovedComponents: []
  m_SourcePrefab: {fileID: 100100000, guid: 102fd982bf89df0479b0f7ae49aa713b, type: 3}
--- !u!4 &5142558226653506111 stripped
Transform:
  m_CorrespondingSourceObject: {fileID: 2149305291181683040, guid: 102fd982bf89df0479b0f7ae49aa713b,
    type: 3}
  m_PrefabInstance: {fileID: 6525105303257717599}
  m_PrefabAsset: {fileID: 0}
--- !u!1001 &6525105303871739514
PrefabInstance:
  m_ObjectHideFlags: 0
  serializedVersion: 2
  m_Modification:
    m_TransformParent: {fileID: 4634082837692285453}
    m_Modifications:
    - target: {fileID: 1219689399733536054, guid: 37c5698a453a3b9489d364465122470b,
        type: 3}
      propertyPath: m_LocalPosition.y
      value: 0.004
      objectReference: {fileID: 0}
    - target: {fileID: 1219689399733536054, guid: 37c5698a453a3b9489d364465122470b,
        type: 3}
      propertyPath: m_LocalPosition.z
      value: -0
      objectReference: {fileID: 0}
    - target: {fileID: 8223760863875588507, guid: 37c5698a453a3b9489d364465122470b,
        type: 3}
      propertyPath: m_Name
      value: EA_Items_House_bowl_spoon_01a_PRE
      objectReference: {fileID: 0}
    - target: {fileID: 8990537625501622852, guid: 37c5698a453a3b9489d364465122470b,
        type: 3}
      propertyPath: m_RootOrder
      value: 2
      objectReference: {fileID: 0}
    - target: {fileID: 8990537625501622852, guid: 37c5698a453a3b9489d364465122470b,
        type: 3}
      propertyPath: m_LocalPosition.x
      value: -0.21502686
      objectReference: {fileID: 0}
    - target: {fileID: 8990537625501622852, guid: 37c5698a453a3b9489d364465122470b,
        type: 3}
      propertyPath: m_LocalPosition.y
      value: 0.8409996
      objectReference: {fileID: 0}
    - target: {fileID: 8990537625501622852, guid: 37c5698a453a3b9489d364465122470b,
        type: 3}
      propertyPath: m_LocalPosition.z
      value: 0.44699097
      objectReference: {fileID: 0}
    - target: {fileID: 8990537625501622852, guid: 37c5698a453a3b9489d364465122470b,
        type: 3}
      propertyPath: m_LocalRotation.w
      value: 1
      objectReference: {fileID: 0}
    - target: {fileID: 8990537625501622852, guid: 37c5698a453a3b9489d364465122470b,
        type: 3}
      propertyPath: m_LocalRotation.x
      value: -0
      objectReference: {fileID: 0}
    - target: {fileID: 8990537625501622852, guid: 37c5698a453a3b9489d364465122470b,
        type: 3}
      propertyPath: m_LocalRotation.y
      value: -0
      objectReference: {fileID: 0}
    - target: {fileID: 8990537625501622852, guid: 37c5698a453a3b9489d364465122470b,
        type: 3}
      propertyPath: m_LocalRotation.z
      value: -0
      objectReference: {fileID: 0}
    - target: {fileID: 8990537625501622852, guid: 37c5698a453a3b9489d364465122470b,
        type: 3}
      propertyPath: m_LocalEulerAnglesHint.x
      value: 0
      objectReference: {fileID: 0}
    - target: {fileID: 8990537625501622852, guid: 37c5698a453a3b9489d364465122470b,
        type: 3}
      propertyPath: m_LocalEulerAnglesHint.y
      value: 0
      objectReference: {fileID: 0}
    - target: {fileID: 8990537625501622852, guid: 37c5698a453a3b9489d364465122470b,
        type: 3}
      propertyPath: m_LocalEulerAnglesHint.z
      value: 0
      objectReference: {fileID: 0}
    m_RemovedComponents: []
  m_SourcePrefab: {fileID: 100100000, guid: 37c5698a453a3b9489d364465122470b, type: 3}
--- !u!4 &2758765821559059518 stripped
Transform:
  m_CorrespondingSourceObject: {fileID: 8990537625501622852, guid: 37c5698a453a3b9489d364465122470b,
    type: 3}
  m_PrefabInstance: {fileID: 6525105303871739514}
  m_PrefabAsset: {fileID: 0}
--- !u!1001 &6525105304090979703
PrefabInstance:
  m_ObjectHideFlags: 0
  serializedVersion: 2
  m_Modification:
    m_TransformParent: {fileID: 4634082837692285453}
    m_Modifications:
    - target: {fileID: 8856522080416981916, guid: e889566dd5141c5438079fd5556671ec,
        type: 3}
      propertyPath: m_RootOrder
      value: 4
      objectReference: {fileID: 0}
    - target: {fileID: 8856522080416981916, guid: e889566dd5141c5438079fd5556671ec,
        type: 3}
      propertyPath: m_LocalScale.x
      value: 0.82301
      objectReference: {fileID: 0}
    - target: {fileID: 8856522080416981916, guid: e889566dd5141c5438079fd5556671ec,
        type: 3}
      propertyPath: m_LocalScale.y
      value: 0.82301
      objectReference: {fileID: 0}
    - target: {fileID: 8856522080416981916, guid: e889566dd5141c5438079fd5556671ec,
        type: 3}
      propertyPath: m_LocalScale.z
      value: 2.2462413
      objectReference: {fileID: 0}
    - target: {fileID: 8856522080416981916, guid: e889566dd5141c5438079fd5556671ec,
        type: 3}
      propertyPath: m_LocalPosition.x
      value: 0.8779907
      objectReference: {fileID: 0}
    - target: {fileID: 8856522080416981916, guid: e889566dd5141c5438079fd5556671ec,
        type: 3}
      propertyPath: m_LocalPosition.y
      value: -0.042999268
      objectReference: {fileID: 0}
    - target: {fileID: 8856522080416981916, guid: e889566dd5141c5438079fd5556671ec,
        type: 3}
      propertyPath: m_LocalPosition.z
      value: 0.035980225
      objectReference: {fileID: 0}
    - target: {fileID: 8856522080416981916, guid: e889566dd5141c5438079fd5556671ec,
        type: 3}
      propertyPath: m_LocalRotation.w
      value: 1
      objectReference: {fileID: 0}
    - target: {fileID: 8856522080416981916, guid: e889566dd5141c5438079fd5556671ec,
        type: 3}
      propertyPath: m_LocalRotation.x
      value: -0
      objectReference: {fileID: 0}
    - target: {fileID: 8856522080416981916, guid: e889566dd5141c5438079fd5556671ec,
        type: 3}
      propertyPath: m_LocalRotation.y
      value: -0
      objectReference: {fileID: 0}
    - target: {fileID: 8856522080416981916, guid: e889566dd5141c5438079fd5556671ec,
        type: 3}
      propertyPath: m_LocalRotation.z
      value: -0
      objectReference: {fileID: 0}
    - target: {fileID: 8856522080416981916, guid: e889566dd5141c5438079fd5556671ec,
        type: 3}
      propertyPath: m_LocalEulerAnglesHint.x
      value: 0
      objectReference: {fileID: 0}
    - target: {fileID: 8856522080416981916, guid: e889566dd5141c5438079fd5556671ec,
        type: 3}
      propertyPath: m_LocalEulerAnglesHint.y
      value: 0
      objectReference: {fileID: 0}
    - target: {fileID: 8856522080416981916, guid: e889566dd5141c5438079fd5556671ec,
        type: 3}
      propertyPath: m_LocalEulerAnglesHint.z
      value: 0
      objectReference: {fileID: 0}
    - target: {fileID: 8856522080417480636, guid: e889566dd5141c5438079fd5556671ec,
        type: 3}
      propertyPath: m_Name
      value: EA03_Prop_Tabble_02a_PRE
      objectReference: {fileID: 0}
    m_RemovedComponents: []
  m_SourcePrefab: {fileID: 100100000, guid: e889566dd5141c5438079fd5556671ec, type: 3}
--- !u!4 &2334407614126116587 stripped
Transform:
  m_CorrespondingSourceObject: {fileID: 8856522080416981916, guid: e889566dd5141c5438079fd5556671ec,
    type: 3}
  m_PrefabInstance: {fileID: 6525105304090979703}
  m_PrefabAsset: {fileID: 0}
--- !u!1001 &6525105304358668317
PrefabInstance:
  m_ObjectHideFlags: 0
  serializedVersion: 2
  m_Modification:
    m_TransformParent: {fileID: 4634082837692285453}
    m_Modifications:
    - target: {fileID: 1846156423609158, guid: c92a12fb577ec0a48abf55cfc24bcecd, type: 3}
      propertyPath: m_Name
      value: EA03_Prop_Container_Conr_01a_PRE
      objectReference: {fileID: 0}
    - target: {fileID: 4378547764914004, guid: c92a12fb577ec0a48abf55cfc24bcecd, type: 3}
      propertyPath: m_RootOrder
      value: 0
      objectReference: {fileID: 0}
    - target: {fileID: 4378547764914004, guid: c92a12fb577ec0a48abf55cfc24bcecd, type: 3}
      propertyPath: m_LocalPosition.x
      value: 0.29632568
      objectReference: {fileID: 0}
    - target: {fileID: 4378547764914004, guid: c92a12fb577ec0a48abf55cfc24bcecd, type: 3}
      propertyPath: m_LocalPosition.y
      value: 0.347
      objectReference: {fileID: 0}
    - target: {fileID: 4378547764914004, guid: c92a12fb577ec0a48abf55cfc24bcecd, type: 3}
      propertyPath: m_LocalPosition.z
      value: 1.6659851
      objectReference: {fileID: 0}
    - target: {fileID: 4378547764914004, guid: c92a12fb577ec0a48abf55cfc24bcecd, type: 3}
      propertyPath: m_LocalRotation.w
      value: 1
      objectReference: {fileID: 0}
    - target: {fileID: 4378547764914004, guid: c92a12fb577ec0a48abf55cfc24bcecd, type: 3}
      propertyPath: m_LocalRotation.x
      value: -0
      objectReference: {fileID: 0}
    - target: {fileID: 4378547764914004, guid: c92a12fb577ec0a48abf55cfc24bcecd, type: 3}
      propertyPath: m_LocalRotation.y
      value: -0
      objectReference: {fileID: 0}
    - target: {fileID: 4378547764914004, guid: c92a12fb577ec0a48abf55cfc24bcecd, type: 3}
      propertyPath: m_LocalRotation.z
      value: -0
      objectReference: {fileID: 0}
    - target: {fileID: 4378547764914004, guid: c92a12fb577ec0a48abf55cfc24bcecd, type: 3}
      propertyPath: m_LocalEulerAnglesHint.x
      value: 0
      objectReference: {fileID: 0}
    - target: {fileID: 4378547764914004, guid: c92a12fb577ec0a48abf55cfc24bcecd, type: 3}
      propertyPath: m_LocalEulerAnglesHint.y
      value: 0
      objectReference: {fileID: 0}
    - target: {fileID: 4378547764914004, guid: c92a12fb577ec0a48abf55cfc24bcecd, type: 3}
      propertyPath: m_LocalEulerAnglesHint.z
      value: 0
      objectReference: {fileID: 0}
    m_RemovedComponents: []
  m_SourcePrefab: {fileID: 100100000, guid: c92a12fb577ec0a48abf55cfc24bcecd, type: 3}
--- !u!4 &6521875231390838601 stripped
Transform:
  m_CorrespondingSourceObject: {fileID: 4378547764914004, guid: c92a12fb577ec0a48abf55cfc24bcecd,
    type: 3}
  m_PrefabInstance: {fileID: 6525105304358668317}
  m_PrefabAsset: {fileID: 0}
--- !u!1001 &6525105304430853358
PrefabInstance:
  m_ObjectHideFlags: 0
  serializedVersion: 2
  m_Modification:
    m_TransformParent: {fileID: 4634082837692285453}
    m_Modifications:
    - target: {fileID: 8856522080416981916, guid: e889566dd5141c5438079fd5556671ec,
        type: 3}
      propertyPath: m_RootOrder
      value: 6
      objectReference: {fileID: 0}
    - target: {fileID: 8856522080416981916, guid: e889566dd5141c5438079fd5556671ec,
        type: 3}
      propertyPath: m_LocalScale.x
      value: 0.82301
      objectReference: {fileID: 0}
    - target: {fileID: 8856522080416981916, guid: e889566dd5141c5438079fd5556671ec,
        type: 3}
      propertyPath: m_LocalScale.y
      value: 0.82301
      objectReference: {fileID: 0}
    - target: {fileID: 8856522080416981916, guid: e889566dd5141c5438079fd5556671ec,
        type: 3}
      propertyPath: m_LocalScale.z
      value: 2.2462413
      objectReference: {fileID: 0}
    - target: {fileID: 8856522080416981916, guid: e889566dd5141c5438079fd5556671ec,
        type: 3}
      propertyPath: m_LocalPosition.x
      value: -0.9380493
      objectReference: {fileID: 0}
    - target: {fileID: 8856522080416981916, guid: e889566dd5141c5438079fd5556671ec,
        type: 3}
      propertyPath: m_LocalPosition.y
      value: -0.042999268
      objectReference: {fileID: 0}
    - target: {fileID: 8856522080416981916, guid: e889566dd5141c5438079fd5556671ec,
        type: 3}
      propertyPath: m_LocalPosition.z
      value: 0.035980225
      objectReference: {fileID: 0}
    - target: {fileID: 8856522080416981916, guid: e889566dd5141c5438079fd5556671ec,
        type: 3}
      propertyPath: m_LocalRotation.w
      value: 1
      objectReference: {fileID: 0}
    - target: {fileID: 8856522080416981916, guid: e889566dd5141c5438079fd5556671ec,
        type: 3}
      propertyPath: m_LocalRotation.x
      value: -0
      objectReference: {fileID: 0}
    - target: {fileID: 8856522080416981916, guid: e889566dd5141c5438079fd5556671ec,
        type: 3}
      propertyPath: m_LocalRotation.y
      value: -0
      objectReference: {fileID: 0}
    - target: {fileID: 8856522080416981916, guid: e889566dd5141c5438079fd5556671ec,
        type: 3}
      propertyPath: m_LocalRotation.z
      value: -0
      objectReference: {fileID: 0}
    - target: {fileID: 8856522080416981916, guid: e889566dd5141c5438079fd5556671ec,
        type: 3}
      propertyPath: m_LocalEulerAnglesHint.x
      value: 0
      objectReference: {fileID: 0}
    - target: {fileID: 8856522080416981916, guid: e889566dd5141c5438079fd5556671ec,
        type: 3}
      propertyPath: m_LocalEulerAnglesHint.y
      value: 0
      objectReference: {fileID: 0}
    - target: {fileID: 8856522080416981916, guid: e889566dd5141c5438079fd5556671ec,
        type: 3}
      propertyPath: m_LocalEulerAnglesHint.z
      value: 0
      objectReference: {fileID: 0}
    - target: {fileID: 8856522080417480636, guid: e889566dd5141c5438079fd5556671ec,
        type: 3}
      propertyPath: m_Name
      value: EA03_Prop_Tabble_02a_PRE (1)
      objectReference: {fileID: 0}
    m_RemovedComponents: []
  m_SourcePrefab: {fileID: 100100000, guid: e889566dd5141c5438079fd5556671ec, type: 3}
--- !u!4 &2334407614583431026 stripped
Transform:
  m_CorrespondingSourceObject: {fileID: 8856522080416981916, guid: e889566dd5141c5438079fd5556671ec,
    type: 3}
  m_PrefabInstance: {fileID: 6525105304430853358}
  m_PrefabAsset: {fileID: 0}
--- !u!1001 &6525105304520860172
PrefabInstance:
  m_ObjectHideFlags: 0
  serializedVersion: 2
  m_Modification:
    m_TransformParent: {fileID: 4634082837692285453}
    m_Modifications:
    - target: {fileID: 2652866332632062581, guid: ac36a83878e33e54cb3ec90ee13a76db,
        type: 3}
      propertyPath: m_Name
      value: EA03_Prop_Town_AnimalSkin_01b_PRE
      objectReference: {fileID: 0}
    - target: {fileID: 2652866332632483413, guid: ac36a83878e33e54cb3ec90ee13a76db,
        type: 3}
      propertyPath: m_RootOrder
      value: 3
      objectReference: {fileID: 0}
    - target: {fileID: 2652866332632483413, guid: ac36a83878e33e54cb3ec90ee13a76db,
        type: 3}
      propertyPath: m_LocalScale.x
      value: 1.2977996
      objectReference: {fileID: 0}
    - target: {fileID: 2652866332632483413, guid: ac36a83878e33e54cb3ec90ee13a76db,
        type: 3}
      propertyPath: m_LocalScale.y
      value: 0.82025
      objectReference: {fileID: 0}
    - target: {fileID: 2652866332632483413, guid: ac36a83878e33e54cb3ec90ee13a76db,
        type: 3}
      propertyPath: m_LocalScale.z
      value: 0.82025
      objectReference: {fileID: 0}
    - target: {fileID: 2652866332632483413, guid: ac36a83878e33e54cb3ec90ee13a76db,
        type: 3}
      propertyPath: m_LocalPosition.x
      value: -0.005004883
      objectReference: {fileID: 0}
    - target: {fileID: 2652866332632483413, guid: ac36a83878e33e54cb3ec90ee13a76db,
        type: 3}
      propertyPath: m_LocalPosition.y
      value: 0.81500053
      objectReference: {fileID: 0}
    - target: {fileID: 2652866332632483413, guid: ac36a83878e33e54cb3ec90ee13a76db,
        type: 3}
      propertyPath: m_LocalPosition.z
      value: 0.06997681
      objectReference: {fileID: 0}
    - target: {fileID: 2652866332632483413, guid: ac36a83878e33e54cb3ec90ee13a76db,
        type: 3}
      propertyPath: m_LocalRotation.w
      value: 0.7071068
      objectReference: {fileID: 0}
    - target: {fileID: 2652866332632483413, guid: ac36a83878e33e54cb3ec90ee13a76db,
        type: 3}
      propertyPath: m_LocalRotation.x
      value: -0
      objectReference: {fileID: 0}
    - target: {fileID: 2652866332632483413, guid: ac36a83878e33e54cb3ec90ee13a76db,
        type: 3}
      propertyPath: m_LocalRotation.y
      value: 0.70710677
      objectReference: {fileID: 0}
    - target: {fileID: 2652866332632483413, guid: ac36a83878e33e54cb3ec90ee13a76db,
        type: 3}
      propertyPath: m_LocalRotation.z
      value: -0
      objectReference: {fileID: 0}
    - target: {fileID: 2652866332632483413, guid: ac36a83878e33e54cb3ec90ee13a76db,
        type: 3}
      propertyPath: m_LocalEulerAnglesHint.x
      value: 0
      objectReference: {fileID: 0}
    - target: {fileID: 2652866332632483413, guid: ac36a83878e33e54cb3ec90ee13a76db,
        type: 3}
      propertyPath: m_LocalEulerAnglesHint.y
      value: 90.00001
      objectReference: {fileID: 0}
    - target: {fileID: 2652866332632483413, guid: ac36a83878e33e54cb3ec90ee13a76db,
        type: 3}
      propertyPath: m_LocalEulerAnglesHint.z
      value: 0
      objectReference: {fileID: 0}
    m_RemovedComponents: []
  m_SourcePrefab: {fileID: 100100000, guid: ac36a83878e33e54cb3ec90ee13a76db, type: 3}
--- !u!4 &9105446580984259673 stripped
Transform:
  m_CorrespondingSourceObject: {fileID: 2652866332632483413, guid: ac36a83878e33e54cb3ec90ee13a76db,
    type: 3}
  m_PrefabInstance: {fileID: 6525105304520860172}
  m_PrefabAsset: {fileID: 0}
--- !u!1001 &6525105304570065296
PrefabInstance:
  m_ObjectHideFlags: 0
  serializedVersion: 2
  m_Modification:
    m_TransformParent: {fileID: 4634082837692285453}
    m_Modifications:
    - target: {fileID: 1408989384171906, guid: b2ebda948c9d90f40b799c15675df85f, type: 3}
      propertyPath: m_Name
      value: EA03_Prop_Tabble_01a_PRE
      objectReference: {fileID: 0}
    - target: {fileID: 4177815312594472, guid: b2ebda948c9d90f40b799c15675df85f, type: 3}
      propertyPath: m_RootOrder
      value: 5
      objectReference: {fileID: 0}
    - target: {fileID: 4177815312594472, guid: b2ebda948c9d90f40b799c15675df85f, type: 3}
      propertyPath: m_LocalPosition.x
      value: 0
      objectReference: {fileID: 0}
    - target: {fileID: 4177815312594472, guid: b2ebda948c9d90f40b799c15675df85f, type: 3}
      propertyPath: m_LocalPosition.y
      value: 0
      objectReference: {fileID: 0}
    - target: {fileID: 4177815312594472, guid: b2ebda948c9d90f40b799c15675df85f, type: 3}
      propertyPath: m_LocalPosition.z
      value: 0
      objectReference: {fileID: 0}
    - target: {fileID: 4177815312594472, guid: b2ebda948c9d90f40b799c15675df85f, type: 3}
      propertyPath: m_LocalRotation.w
      value: 1
      objectReference: {fileID: 0}
    - target: {fileID: 4177815312594472, guid: b2ebda948c9d90f40b799c15675df85f, type: 3}
      propertyPath: m_LocalRotation.x
      value: -0
      objectReference: {fileID: 0}
    - target: {fileID: 4177815312594472, guid: b2ebda948c9d90f40b799c15675df85f, type: 3}
      propertyPath: m_LocalRotation.y
      value: -0
      objectReference: {fileID: 0}
    - target: {fileID: 4177815312594472, guid: b2ebda948c9d90f40b799c15675df85f, type: 3}
      propertyPath: m_LocalRotation.z
      value: -0
      objectReference: {fileID: 0}
    - target: {fileID: 4177815312594472, guid: b2ebda948c9d90f40b799c15675df85f, type: 3}
      propertyPath: m_LocalEulerAnglesHint.x
      value: 0
      objectReference: {fileID: 0}
    - target: {fileID: 4177815312594472, guid: b2ebda948c9d90f40b799c15675df85f, type: 3}
      propertyPath: m_LocalEulerAnglesHint.y
      value: 0
      objectReference: {fileID: 0}
    - target: {fileID: 4177815312594472, guid: b2ebda948c9d90f40b799c15675df85f, type: 3}
      propertyPath: m_LocalEulerAnglesHint.z
      value: 0
      objectReference: {fileID: 0}
    m_RemovedComponents: []
  m_SourcePrefab: {fileID: 100100000, guid: b2ebda948c9d90f40b799c15675df85f, type: 3}
--- !u!4 &6522059986402445240 stripped
Transform:
  m_CorrespondingSourceObject: {fileID: 4177815312594472, guid: b2ebda948c9d90f40b799c15675df85f,
    type: 3}
  m_PrefabInstance: {fileID: 6525105304570065296}
  m_PrefabAsset: {fileID: 0}
--- !u!1001 &7008672258184466709
PrefabInstance:
  m_ObjectHideFlags: 0
  serializedVersion: 2
  m_Modification:
    m_TransformParent: {fileID: 4634082837692285453}
    m_Modifications:
    - target: {fileID: 1416223097269279583, guid: e07011373948d8641ab8bbf508857332,
        type: 3}
      propertyPath: m_Name
      value: EA_Items_House_mug_01a_PRE (1)
      objectReference: {fileID: 0}
    - target: {fileID: 1416223097269766015, guid: e07011373948d8641ab8bbf508857332,
        type: 3}
      propertyPath: m_RootOrder
      value: 8
      objectReference: {fileID: 0}
    - target: {fileID: 1416223097269766015, guid: e07011373948d8641ab8bbf508857332,
        type: 3}
      propertyPath: m_LocalPosition.x
      value: 0.14536816
      objectReference: {fileID: 0}
    - target: {fileID: 1416223097269766015, guid: e07011373948d8641ab8bbf508857332,
        type: 3}
      propertyPath: m_LocalPosition.y
      value: 0.8285179
      objectReference: {fileID: 0}
    - target: {fileID: 1416223097269766015, guid: e07011373948d8641ab8bbf508857332,
        type: 3}
      propertyPath: m_LocalPosition.z
      value: 0.8336407
      objectReference: {fileID: 0}
    - target: {fileID: 1416223097269766015, guid: e07011373948d8641ab8bbf508857332,
        type: 3}
      propertyPath: m_LocalRotation.w
      value: 0.95429736
      objectReference: {fileID: 0}
    - target: {fileID: 1416223097269766015, guid: e07011373948d8641ab8bbf508857332,
        type: 3}
      propertyPath: m_LocalRotation.x
      value: -0
      objectReference: {fileID: 0}
    - target: {fileID: 1416223097269766015, guid: e07011373948d8641ab8bbf508857332,
        type: 3}
      propertyPath: m_LocalRotation.y
      value: -0.2988589
      objectReference: {fileID: 0}
    - target: {fileID: 1416223097269766015, guid: e07011373948d8641ab8bbf508857332,
        type: 3}
      propertyPath: m_LocalRotation.z
      value: 0
      objectReference: {fileID: 0}
    - target: {fileID: 1416223097269766015, guid: e07011373948d8641ab8bbf508857332,
        type: 3}
      propertyPath: m_LocalEulerAnglesHint.x
      value: 0
      objectReference: {fileID: 0}
    - target: {fileID: 1416223097269766015, guid: e07011373948d8641ab8bbf508857332,
        type: 3}
      propertyPath: m_LocalEulerAnglesHint.y
      value: 0
      objectReference: {fileID: 0}
    - target: {fileID: 1416223097269766015, guid: e07011373948d8641ab8bbf508857332,
        type: 3}
      propertyPath: m_LocalEulerAnglesHint.z
      value: 0
      objectReference: {fileID: 0}
    m_RemovedComponents: []
  m_SourcePrefab: {fileID: 100100000, guid: e07011373948d8641ab8bbf508857332, type: 3}
--- !u!4 &8278919235083671146 stripped
Transform:
  m_CorrespondingSourceObject: {fileID: 1416223097269766015, guid: e07011373948d8641ab8bbf508857332,
    type: 3}
  m_PrefabInstance: {fileID: 7008672258184466709}
  m_PrefabAsset: {fileID: 0}
--- !u!1001 &7008672258524971101
PrefabInstance:
  m_ObjectHideFlags: 0
  serializedVersion: 2
  m_Modification:
    m_TransformParent: {fileID: 4634082837692285453}
    m_Modifications:
    - target: {fileID: 3992285472020904273, guid: 60c864788d7efa2418bed99bbb835b3e,
        type: 3}
      propertyPath: m_RootOrder
      value: 9
      objectReference: {fileID: 0}
    - target: {fileID: 3992285472020904273, guid: 60c864788d7efa2418bed99bbb835b3e,
        type: 3}
      propertyPath: m_LocalScale.x
      value: 1.4021
      objectReference: {fileID: 0}
    - target: {fileID: 3992285472020904273, guid: 60c864788d7efa2418bed99bbb835b3e,
        type: 3}
      propertyPath: m_LocalScale.y
      value: 1.4021
      objectReference: {fileID: 0}
    - target: {fileID: 3992285472020904273, guid: 60c864788d7efa2418bed99bbb835b3e,
        type: 3}
      propertyPath: m_LocalScale.z
      value: 1.4021
      objectReference: {fileID: 0}
    - target: {fileID: 3992285472020904273, guid: 60c864788d7efa2418bed99bbb835b3e,
        type: 3}
      propertyPath: m_LocalPosition.x
      value: -0.00040037557
      objectReference: {fileID: 0}
    - target: {fileID: 3992285472020904273, guid: 60c864788d7efa2418bed99bbb835b3e,
        type: 3}
      propertyPath: m_LocalPosition.y
      value: 0.8285179
      objectReference: {fileID: 0}
    - target: {fileID: 3992285472020904273, guid: 60c864788d7efa2418bed99bbb835b3e,
        type: 3}
      propertyPath: m_LocalPosition.z
      value: 0.12314965
      objectReference: {fileID: 0}
    - target: {fileID: 3992285472020904273, guid: 60c864788d7efa2418bed99bbb835b3e,
        type: 3}
      propertyPath: m_LocalRotation.w
      value: 0.95429736
      objectReference: {fileID: 0}
    - target: {fileID: 3992285472020904273, guid: 60c864788d7efa2418bed99bbb835b3e,
        type: 3}
      propertyPath: m_LocalRotation.x
      value: -0
      objectReference: {fileID: 0}
    - target: {fileID: 3992285472020904273, guid: 60c864788d7efa2418bed99bbb835b3e,
        type: 3}
      propertyPath: m_LocalRotation.y
      value: -0.2988589
      objectReference: {fileID: 0}
    - target: {fileID: 3992285472020904273, guid: 60c864788d7efa2418bed99bbb835b3e,
        type: 3}
      propertyPath: m_LocalRotation.z
      value: 0
      objectReference: {fileID: 0}
    - target: {fileID: 3992285472020904273, guid: 60c864788d7efa2418bed99bbb835b3e,
        type: 3}
      propertyPath: m_LocalEulerAnglesHint.x
      value: 0
      objectReference: {fileID: 0}
    - target: {fileID: 3992285472020904273, guid: 60c864788d7efa2418bed99bbb835b3e,
        type: 3}
      propertyPath: m_LocalEulerAnglesHint.y
      value: 0
      objectReference: {fileID: 0}
    - target: {fileID: 3992285472020904273, guid: 60c864788d7efa2418bed99bbb835b3e,
        type: 3}
      propertyPath: m_LocalEulerAnglesHint.z
      value: 0
      objectReference: {fileID: 0}
    - target: {fileID: 3992285472021128561, guid: 60c864788d7efa2418bed99bbb835b3e,
        type: 3}
      propertyPath: m_Name
      value: EA_Items_House_kettle_01a_PRE
      objectReference: {fileID: 0}
    m_RemovedComponents: []
  m_SourcePrefab: {fileID: 100100000, guid: 60c864788d7efa2418bed99bbb835b3e, type: 3}
--- !u!4 &6207293122331162892 stripped
Transform:
  m_CorrespondingSourceObject: {fileID: 3992285472020904273, guid: 60c864788d7efa2418bed99bbb835b3e,
    type: 3}
  m_PrefabInstance: {fileID: 7008672258524971101}
  m_PrefabAsset: {fileID: 0}
--- !u!1001 &7008672258731453085
PrefabInstance:
  m_ObjectHideFlags: 0
  serializedVersion: 2
  m_Modification:
    m_TransformParent: {fileID: 4634082837692285453}
    m_Modifications:
    - target: {fileID: 1708458996046836119, guid: 7eb1907a1a1e7d4468f1cd2f206f8f6f,
        type: 3}
      propertyPath: m_Name
      value: EA_Items_House_mug_01b_PRE
      objectReference: {fileID: 0}
    - target: {fileID: 1708458996047195575, guid: 7eb1907a1a1e7d4468f1cd2f206f8f6f,
        type: 3}
      propertyPath: m_RootOrder
      value: 11
      objectReference: {fileID: 0}
    - target: {fileID: 1708458996047195575, guid: 7eb1907a1a1e7d4468f1cd2f206f8f6f,
        type: 3}
      propertyPath: m_LocalScale.x
      value: 0.7852812
      objectReference: {fileID: 0}
    - target: {fileID: 1708458996047195575, guid: 7eb1907a1a1e7d4468f1cd2f206f8f6f,
        type: 3}
      propertyPath: m_LocalScale.y
      value: 0.78521
      objectReference: {fileID: 0}
    - target: {fileID: 1708458996047195575, guid: 7eb1907a1a1e7d4468f1cd2f206f8f6f,
        type: 3}
      propertyPath: m_LocalScale.z
      value: 0.7852812
      objectReference: {fileID: 0}
    - target: {fileID: 1708458996047195575, guid: 7eb1907a1a1e7d4468f1cd2f206f8f6f,
        type: 3}
      propertyPath: m_LocalPosition.x
      value: -0.070869
      objectReference: {fileID: 0}
    - target: {fileID: 1708458996047195575, guid: 7eb1907a1a1e7d4468f1cd2f206f8f6f,
        type: 3}
      propertyPath: m_LocalPosition.y
      value: 0.8285179
      objectReference: {fileID: 0}
    - target: {fileID: 1708458996047195575, guid: 7eb1907a1a1e7d4468f1cd2f206f8f6f,
        type: 3}
      propertyPath: m_LocalPosition.z
      value: -1.000894
      objectReference: {fileID: 0}
    - target: {fileID: 1708458996047195575, guid: 7eb1907a1a1e7d4468f1cd2f206f8f6f,
        type: 3}
      propertyPath: m_LocalRotation.w
      value: 0.95429736
      objectReference: {fileID: 0}
    - target: {fileID: 1708458996047195575, guid: 7eb1907a1a1e7d4468f1cd2f206f8f6f,
        type: 3}
      propertyPath: m_LocalRotation.x
      value: -0
      objectReference: {fileID: 0}
    - target: {fileID: 1708458996047195575, guid: 7eb1907a1a1e7d4468f1cd2f206f8f6f,
        type: 3}
      propertyPath: m_LocalRotation.y
      value: -0.2988589
      objectReference: {fileID: 0}
    - target: {fileID: 1708458996047195575, guid: 7eb1907a1a1e7d4468f1cd2f206f8f6f,
        type: 3}
      propertyPath: m_LocalRotation.z
      value: 0
      objectReference: {fileID: 0}
    - target: {fileID: 1708458996047195575, guid: 7eb1907a1a1e7d4468f1cd2f206f8f6f,
        type: 3}
      propertyPath: m_LocalEulerAnglesHint.x
      value: 0
      objectReference: {fileID: 0}
    - target: {fileID: 1708458996047195575, guid: 7eb1907a1a1e7d4468f1cd2f206f8f6f,
        type: 3}
      propertyPath: m_LocalEulerAnglesHint.y
      value: 0
      objectReference: {fileID: 0}
    - target: {fileID: 1708458996047195575, guid: 7eb1907a1a1e7d4468f1cd2f206f8f6f,
        type: 3}
      propertyPath: m_LocalEulerAnglesHint.z
      value: 0
      objectReference: {fileID: 0}
    m_RemovedComponents: []
  m_SourcePrefab: {fileID: 100100000, guid: 7eb1907a1a1e7d4468f1cd2f206f8f6f, type: 3}
--- !u!4 &8572149092101392170 stripped
Transform:
  m_CorrespondingSourceObject: {fileID: 1708458996047195575, guid: 7eb1907a1a1e7d4468f1cd2f206f8f6f,
    type: 3}
  m_PrefabInstance: {fileID: 7008672258731453085}
  m_PrefabAsset: {fileID: 0}
--- !u!1001 &7008672259842237783
PrefabInstance:
  m_ObjectHideFlags: 0
  serializedVersion: 2
  m_Modification:
    m_TransformParent: {fileID: 4634082837692285453}
    m_Modifications:
    - target: {fileID: 4707599955855421540, guid: 9bdc637fb8b469245bf2dcc990b26551,
        type: 3}
      propertyPath: m_RootOrder
      value: 12
      objectReference: {fileID: 0}
    - target: {fileID: 4707599955855421540, guid: 9bdc637fb8b469245bf2dcc990b26551,
        type: 3}
      propertyPath: m_LocalPosition.x
      value: 0.16050696
      objectReference: {fileID: 0}
    - target: {fileID: 4707599955855421540, guid: 9bdc637fb8b469245bf2dcc990b26551,
        type: 3}
      propertyPath: m_LocalPosition.y
      value: 0.84299946
      objectReference: {fileID: 0}
    - target: {fileID: 4707599955855421540, guid: 9bdc637fb8b469245bf2dcc990b26551,
        type: 3}
      propertyPath: m_LocalPosition.z
      value: -0.41003793
      objectReference: {fileID: 0}
    - target: {fileID: 4707599955855421540, guid: 9bdc637fb8b469245bf2dcc990b26551,
        type: 3}
      propertyPath: m_LocalRotation.w
      value: 0.95429736
      objectReference: {fileID: 0}
    - target: {fileID: 4707599955855421540, guid: 9bdc637fb8b469245bf2dcc990b26551,
        type: 3}
      propertyPath: m_LocalRotation.x
      value: -0
      objectReference: {fileID: 0}
    - target: {fileID: 4707599955855421540, guid: 9bdc637fb8b469245bf2dcc990b26551,
        type: 3}
      propertyPath: m_LocalRotation.y
      value: -0.2988589
      objectReference: {fileID: 0}
    - target: {fileID: 4707599955855421540, guid: 9bdc637fb8b469245bf2dcc990b26551,
        type: 3}
      propertyPath: m_LocalRotation.z
      value: 0
      objectReference: {fileID: 0}
    - target: {fileID: 4707599955855421540, guid: 9bdc637fb8b469245bf2dcc990b26551,
        type: 3}
      propertyPath: m_LocalEulerAnglesHint.x
      value: 0
      objectReference: {fileID: 0}
    - target: {fileID: 4707599955855421540, guid: 9bdc637fb8b469245bf2dcc990b26551,
        type: 3}
      propertyPath: m_LocalEulerAnglesHint.y
      value: 0
      objectReference: {fileID: 0}
    - target: {fileID: 4707599955855421540, guid: 9bdc637fb8b469245bf2dcc990b26551,
        type: 3}
      propertyPath: m_LocalEulerAnglesHint.z
      value: 0
      objectReference: {fileID: 0}
    - target: {fileID: 4707599955855912004, guid: 9bdc637fb8b469245bf2dcc990b26551,
        type: 3}
      propertyPath: m_Name
      value: EA_Items_House_bowl_metal_PRE
      objectReference: {fileID: 0}
    m_RemovedComponents: []
  m_SourcePrefab: {fileID: 100100000, guid: 9bdc637fb8b469245bf2dcc990b26551, type: 3}
--- !u!4 &2312333970243573043 stripped
Transform:
  m_CorrespondingSourceObject: {fileID: 4707599955855421540, guid: 9bdc637fb8b469245bf2dcc990b26551,
    type: 3}
  m_PrefabInstance: {fileID: 7008672259842237783}
  m_PrefabAsset: {fileID: 0}
--- !u!1001 &7008672260146737370
PrefabInstance:
  m_ObjectHideFlags: 0
  serializedVersion: 2
  m_Modification:
    m_TransformParent: {fileID: 4634082837692285453}
    m_Modifications:
    - target: {fileID: 1416223097269279583, guid: e07011373948d8641ab8bbf508857332,
        type: 3}
      propertyPath: m_Name
      value: EA_Items_House_mug_01a_PRE
      objectReference: {fileID: 0}
    - target: {fileID: 1416223097269766015, guid: e07011373948d8641ab8bbf508857332,
        type: 3}
      propertyPath: m_RootOrder
      value: 10
      objectReference: {fileID: 0}
    - target: {fileID: 1416223097269766015, guid: e07011373948d8641ab8bbf508857332,
        type: 3}
      propertyPath: m_LocalPosition.x
      value: 0.18744528
      objectReference: {fileID: 0}
    - target: {fileID: 1416223097269766015, guid: e07011373948d8641ab8bbf508857332,
        type: 3}
      propertyPath: m_LocalPosition.y
      value: 0.8285179
      objectReference: {fileID: 0}
    - target: {fileID: 1416223097269766015, guid: e07011373948d8641ab8bbf508857332,
        type: 3}
      propertyPath: m_LocalPosition.z
      value: -0.73768604
      objectReference: {fileID: 0}
    - target: {fileID: 1416223097269766015, guid: e07011373948d8641ab8bbf508857332,
        type: 3}
      propertyPath: m_LocalRotation.w
      value: 0.95429736
      objectReference: {fileID: 0}
    - target: {fileID: 1416223097269766015, guid: e07011373948d8641ab8bbf508857332,
        type: 3}
      propertyPath: m_LocalRotation.x
      value: -0
      objectReference: {fileID: 0}
    - target: {fileID: 1416223097269766015, guid: e07011373948d8641ab8bbf508857332,
        type: 3}
      propertyPath: m_LocalRotation.y
      value: -0.2988589
      objectReference: {fileID: 0}
    - target: {fileID: 1416223097269766015, guid: e07011373948d8641ab8bbf508857332,
        type: 3}
      propertyPath: m_LocalRotation.z
      value: 0
      objectReference: {fileID: 0}
    - target: {fileID: 1416223097269766015, guid: e07011373948d8641ab8bbf508857332,
        type: 3}
      propertyPath: m_LocalEulerAnglesHint.x
      value: 0
      objectReference: {fileID: 0}
    - target: {fileID: 1416223097269766015, guid: e07011373948d8641ab8bbf508857332,
        type: 3}
      propertyPath: m_LocalEulerAnglesHint.y
      value: 0
      objectReference: {fileID: 0}
    - target: {fileID: 1416223097269766015, guid: e07011373948d8641ab8bbf508857332,
        type: 3}
      propertyPath: m_LocalEulerAnglesHint.z
      value: 0
      objectReference: {fileID: 0}
    m_RemovedComponents: []
  m_SourcePrefab: {fileID: 100100000, guid: e07011373948d8641ab8bbf508857332, type: 3}
--- !u!4 &8278919234866247589 stripped
Transform:
  m_CorrespondingSourceObject: {fileID: 1416223097269766015, guid: e07011373948d8641ab8bbf508857332,
    type: 3}
  m_PrefabInstance: {fileID: 7008672260146737370}
  m_PrefabAsset: {fileID: 0}
--- !u!1001 &8294068911467969850
PrefabInstance:
  m_ObjectHideFlags: 0
  serializedVersion: 2
  m_Modification:
    m_TransformParent: {fileID: 4634082837692285453}
    m_Modifications:
    - target: {fileID: 1416223097269279583, guid: e07011373948d8641ab8bbf508857332,
        type: 3}
      propertyPath: m_Name
      value: EA_Items_House_mug_01a_PRE (2)
      objectReference: {fileID: 0}
    - target: {fileID: 1416223097269766015, guid: e07011373948d8641ab8bbf508857332,
        type: 3}
      propertyPath: m_RootOrder
      value: 7
      objectReference: {fileID: 0}
    - target: {fileID: 1416223097269766015, guid: e07011373948d8641ab8bbf508857332,
        type: 3}
      propertyPath: m_LocalPosition.x
      value: -0.28908777
      objectReference: {fileID: 0}
    - target: {fileID: 1416223097269766015, guid: e07011373948d8641ab8bbf508857332,
        type: 3}
      propertyPath: m_LocalPosition.y
      value: 0.8285179
      objectReference: {fileID: 0}
    - target: {fileID: 1416223097269766015, guid: e07011373948d8641ab8bbf508857332,
        type: 3}
      propertyPath: m_LocalPosition.z
      value: 1.0370117
      objectReference: {fileID: 0}
    - target: {fileID: 1416223097269766015, guid: e07011373948d8641ab8bbf508857332,
        type: 3}
      propertyPath: m_LocalRotation.w
      value: 0.95429736
      objectReference: {fileID: 0}
    - target: {fileID: 1416223097269766015, guid: e07011373948d8641ab8bbf508857332,
        type: 3}
      propertyPath: m_LocalRotation.x
      value: -0
      objectReference: {fileID: 0}
    - target: {fileID: 1416223097269766015, guid: e07011373948d8641ab8bbf508857332,
        type: 3}
      propertyPath: m_LocalRotation.y
      value: -0.2988589
      objectReference: {fileID: 0}
    - target: {fileID: 1416223097269766015, guid: e07011373948d8641ab8bbf508857332,
        type: 3}
      propertyPath: m_LocalRotation.z
      value: 0
      objectReference: {fileID: 0}
    - target: {fileID: 1416223097269766015, guid: e07011373948d8641ab8bbf508857332,
        type: 3}
      propertyPath: m_LocalEulerAnglesHint.x
      value: 0
      objectReference: {fileID: 0}
    - target: {fileID: 1416223097269766015, guid: e07011373948d8641ab8bbf508857332,
        type: 3}
      propertyPath: m_LocalEulerAnglesHint.y
      value: 0
      objectReference: {fileID: 0}
    - target: {fileID: 1416223097269766015, guid: e07011373948d8641ab8bbf508857332,
        type: 3}
      propertyPath: m_LocalEulerAnglesHint.z
      value: 0
      objectReference: {fileID: 0}
    m_RemovedComponents: []
  m_SourcePrefab: {fileID: 100100000, guid: e07011373948d8641ab8bbf508857332, type: 3}
--- !u!4 &6970759531099814469 stripped
Transform:
  m_CorrespondingSourceObject: {fileID: 1416223097269766015, guid: e07011373948d8641ab8bbf508857332,
    type: 3}
  m_PrefabInstance: {fileID: 8294068911467969850}
  m_PrefabAsset: {fileID: 0}
