%YAML 1.1
%TAG !u! tag:unity3d.com,2011:
--- !u!1 &4871789282845547161
GameObject:
  m_ObjectHideFlags: 0
  m_CorrespondingSourceObject: {fileID: 0}
  m_PrefabInstance: {fileID: 0}
  m_PrefabAsset: {fileID: 0}
  serializedVersion: 6
  m_Component:
  - component: {fileID: 2381383310148274837}
  m_Layer: 0
  m_Name: mesa picnic
  m_TagString: Untagged
  m_Icon: {fileID: 0}
  m_NavMeshLayer: 0
  m_StaticEditorFlags: 0
  m_IsActive: 1
--- !u!4 &2381383310148274837
Transform:
  m_ObjectHideFlags: 0
  m_CorrespondingSourceObject: {fileID: 0}
  m_PrefabInstance: {fileID: 0}
  m_PrefabAsset: {fileID: 0}
  m_GameObject: {fileID: 4871789282845547161}
  m_LocalRotation: {x: -0, y: -0, z: -0, w: 1}
  m_LocalPosition: {x: 627.96, y: 17.111, z: 489.73}
  m_LocalScale: {x: 1, y: 1, z: 1}
  m_Children:
  - {fileID: 4305886265988130769}
  - {fileID: 2746570411691827879}
  - {fileID: 5119137765275516070}
  - {fileID: 4305982105471328165}
  - {fileID: 2242446427446848705}
  - {fileID: 4922672296562872374}
  - {fileID: 4694638752171607667}
  - {fileID: 4305666960106065696}
  - {fileID: 4694638751823615978}
  m_Father: {fileID: 0}
  m_RootOrder: 0
  m_LocalEulerAnglesHint: {x: 0, y: 0, z: 0}
--- !u!1001 &4309411556929377223
PrefabInstance:
  m_ObjectHideFlags: 0
  serializedVersion: 2
  m_Modification:
    m_TransformParent: {fileID: 2381383310148274837}
    m_Modifications:
    - target: {fileID: 2149305291181683040, guid: 102fd982bf89df0479b0f7ae49aa713b,
        type: 3}
      propertyPath: m_RootOrder
      value: 1
      objectReference: {fileID: 0}
    - target: {fileID: 2149305291181683040, guid: 102fd982bf89df0479b0f7ae49aa713b,
        type: 3}
      propertyPath: m_LocalPosition.x
      value: -0.097717285
      objectReference: {fileID: 0}
    - target: {fileID: 2149305291181683040, guid: 102fd982bf89df0479b0f7ae49aa713b,
        type: 3}
      propertyPath: m_LocalPosition.y
      value: 0.84129906
      objectReference: {fileID: 0}
    - target: {fileID: 2149305291181683040, guid: 102fd982bf89df0479b0f7ae49aa713b,
        type: 3}
      propertyPath: m_LocalPosition.z
      value: -0.61190796
      objectReference: {fileID: 0}
    - target: {fileID: 2149305291181683040, guid: 102fd982bf89df0479b0f7ae49aa713b,
        type: 3}
      propertyPath: m_LocalRotation.w
      value: 1
      objectReference: {fileID: 0}
    - target: {fileID: 2149305291181683040, guid: 102fd982bf89df0479b0f7ae49aa713b,
        type: 3}
      propertyPath: m_LocalRotation.x
      value: -0
      objectReference: {fileID: 0}
    - target: {fileID: 2149305291181683040, guid: 102fd982bf89df0479b0f7ae49aa713b,
        type: 3}
      propertyPath: m_LocalRotation.y
      value: -0
      objectReference: {fileID: 0}
    - target: {fileID: 2149305291181683040, guid: 102fd982bf89df0479b0f7ae49aa713b,
        type: 3}
      propertyPath: m_LocalRotation.z
      value: -0
      objectReference: {fileID: 0}
    - target: {fileID: 2149305291181683040, guid: 102fd982bf89df0479b0f7ae49aa713b,
        type: 3}
      propertyPath: m_LocalEulerAnglesHint.x
      value: 0
      objectReference: {fileID: 0}
    - target: {fileID: 2149305291181683040, guid: 102fd982bf89df0479b0f7ae49aa713b,
        type: 3}
      propertyPath: m_LocalEulerAnglesHint.y
      value: 0
      objectReference: {fileID: 0}
    - target: {fileID: 2149305291181683040, guid: 102fd982bf89df0479b0f7ae49aa713b,
        type: 3}
      propertyPath: m_LocalEulerAnglesHint.z
      value: 0
      objectReference: {fileID: 0}
    - target: {fileID: 2149305291182173504, guid: 102fd982bf89df0479b0f7ae49aa713b,
        type: 3}
      propertyPath: m_Name
      value: EA_Items_House_bowl_wod_2_PRE
      objectReference: {fileID: 0}
    m_RemovedComponents: []
  m_SourcePrefab: {fileID: 100100000, guid: 102fd982bf89df0479b0f7ae49aa713b, type: 3}
--- !u!4 &2746570411691827879 stripped
Transform:
  m_CorrespondingSourceObject: {fileID: 2149305291181683040, guid: 102fd982bf89df0479b0f7ae49aa713b,
    type: 3}
  m_PrefabInstance: {fileID: 4309411556929377223}
  m_PrefabAsset: {fileID: 0}
--- !u!1001 &4309411557770983688
PrefabInstance:
  m_ObjectHideFlags: 0
  serializedVersion: 2
  m_Modification:
    m_TransformParent: {fileID: 2381383310148274837}
    m_Modifications:
    - target: {fileID: 1408989384171906, guid: b2ebda948c9d90f40b799c15675df85f, type: 3}
      propertyPath: m_Name
      value: EA03_Prop_Tabble_01a_PRE
      objectReference: {fileID: 0}
    - target: {fileID: 4177815312594472, guid: b2ebda948c9d90f40b799c15675df85f, type: 3}
      propertyPath: m_RootOrder
      value: 7
      objectReference: {fileID: 0}
    - target: {fileID: 4177815312594472, guid: b2ebda948c9d90f40b799c15675df85f, type: 3}
      propertyPath: m_LocalPosition.x
      value: 0
      objectReference: {fileID: 0}
    - target: {fileID: 4177815312594472, guid: b2ebda948c9d90f40b799c15675df85f, type: 3}
      propertyPath: m_LocalPosition.y
      value: 0
      objectReference: {fileID: 0}
    - target: {fileID: 4177815312594472, guid: b2ebda948c9d90f40b799c15675df85f, type: 3}
      propertyPath: m_LocalPosition.z
      value: 0
      objectReference: {fileID: 0}
    - target: {fileID: 4177815312594472, guid: b2ebda948c9d90f40b799c15675df85f, type: 3}
      propertyPath: m_LocalRotation.w
      value: 1
      objectReference: {fileID: 0}
    - target: {fileID: 4177815312594472, guid: b2ebda948c9d90f40b799c15675df85f, type: 3}
      propertyPath: m_LocalRotation.x
      value: -0
      objectReference: {fileID: 0}
    - target: {fileID: 4177815312594472, guid: b2ebda948c9d90f40b799c15675df85f, type: 3}
      propertyPath: m_LocalRotation.y
      value: -0
      objectReference: {fileID: 0}
    - target: {fileID: 4177815312594472, guid: b2ebda948c9d90f40b799c15675df85f, type: 3}
      propertyPath: m_LocalRotation.z
      value: -0
      objectReference: {fileID: 0}
    - target: {fileID: 4177815312594472, guid: b2ebda948c9d90f40b799c15675df85f, type: 3}
      propertyPath: m_LocalEulerAnglesHint.x
      value: 0
      objectReference: {fileID: 0}
    - target: {fileID: 4177815312594472, guid: b2ebda948c9d90f40b799c15675df85f, type: 3}
      propertyPath: m_LocalEulerAnglesHint.y
      value: 0
      objectReference: {fileID: 0}
    - target: {fileID: 4177815312594472, guid: b2ebda948c9d90f40b799c15675df85f, type: 3}
      propertyPath: m_LocalEulerAnglesHint.z
      value: 0
      objectReference: {fileID: 0}
    m_RemovedComponents: []
  m_SourcePrefab: {fileID: 100100000, guid: b2ebda948c9d90f40b799c15675df85f, type: 3}
--- !u!4 &4305666960106065696 stripped
Transform:
  m_CorrespondingSourceObject: {fileID: 4177815312594472, guid: b2ebda948c9d90f40b799c15675df85f,
    type: 3}
  m_PrefabInstance: {fileID: 4309411557770983688}
  m_PrefabAsset: {fileID: 0}
--- !u!1001 &4309411557899678838
PrefabInstance:
  m_ObjectHideFlags: 0
  serializedVersion: 2
  m_Modification:
    m_TransformParent: {fileID: 2381383310148274837}
    m_Modifications:
    - target: {fileID: 8856522080416981916, guid: e889566dd5141c5438079fd5556671ec,
        type: 3}
      propertyPath: m_RootOrder
      value: 8
      objectReference: {fileID: 0}
    - target: {fileID: 8856522080416981916, guid: e889566dd5141c5438079fd5556671ec,
        type: 3}
      propertyPath: m_LocalScale.x
      value: 0.82301
      objectReference: {fileID: 0}
    - target: {fileID: 8856522080416981916, guid: e889566dd5141c5438079fd5556671ec,
        type: 3}
      propertyPath: m_LocalScale.y
      value: 0.82301
      objectReference: {fileID: 0}
    - target: {fileID: 8856522080416981916, guid: e889566dd5141c5438079fd5556671ec,
        type: 3}
      propertyPath: m_LocalScale.z
      value: 2.2462413
      objectReference: {fileID: 0}
    - target: {fileID: 8856522080416981916, guid: e889566dd5141c5438079fd5556671ec,
        type: 3}
      propertyPath: m_LocalPosition.x
      value: -0.9380493
      objectReference: {fileID: 0}
    - target: {fileID: 8856522080416981916, guid: e889566dd5141c5438079fd5556671ec,
        type: 3}
      propertyPath: m_LocalPosition.y
      value: -0.042999268
      objectReference: {fileID: 0}
    - target: {fileID: 8856522080416981916, guid: e889566dd5141c5438079fd5556671ec,
        type: 3}
      propertyPath: m_LocalPosition.z
      value: 0.035980225
      objectReference: {fileID: 0}
    - target: {fileID: 8856522080416981916, guid: e889566dd5141c5438079fd5556671ec,
        type: 3}
      propertyPath: m_LocalRotation.w
      value: 1
      objectReference: {fileID: 0}
    - target: {fileID: 8856522080416981916, guid: e889566dd5141c5438079fd5556671ec,
        type: 3}
      propertyPath: m_LocalRotation.x
      value: -0
      objectReference: {fileID: 0}
    - target: {fileID: 8856522080416981916, guid: e889566dd5141c5438079fd5556671ec,
        type: 3}
      propertyPath: m_LocalRotation.y
      value: -0
      objectReference: {fileID: 0}
    - target: {fileID: 8856522080416981916, guid: e889566dd5141c5438079fd5556671ec,
        type: 3}
      propertyPath: m_LocalRotation.z
      value: -0
      objectReference: {fileID: 0}
    - target: {fileID: 8856522080416981916, guid: e889566dd5141c5438079fd5556671ec,
        type: 3}
      propertyPath: m_LocalEulerAnglesHint.x
      value: 0
      objectReference: {fileID: 0}
    - target: {fileID: 8856522080416981916, guid: e889566dd5141c5438079fd5556671ec,
        type: 3}
      propertyPath: m_LocalEulerAnglesHint.y
      value: 0
      objectReference: {fileID: 0}
    - target: {fileID: 8856522080416981916, guid: e889566dd5141c5438079fd5556671ec,
        type: 3}
      propertyPath: m_LocalEulerAnglesHint.z
      value: 0
      objectReference: {fileID: 0}
    - target: {fileID: 8856522080417480636, guid: e889566dd5141c5438079fd5556671ec,
        type: 3}
      propertyPath: m_Name
      value: EA03_Prop_Tabble_02a_PRE (1)
      objectReference: {fileID: 0}
    m_RemovedComponents: []
  m_SourcePrefab: {fileID: 100100000, guid: e889566dd5141c5438079fd5556671ec, type: 3}
--- !u!4 &4694638751823615978 stripped
Transform:
  m_CorrespondingSourceObject: {fileID: 8856522080416981916, guid: e889566dd5141c5438079fd5556671ec,
    type: 3}
  m_PrefabInstance: {fileID: 4309411557899678838}
  m_PrefabAsset: {fileID: 0}
--- !u!1001 &4309411557956594324
PrefabInstance:
  m_ObjectHideFlags: 0
  serializedVersion: 2
  m_Modification:
    m_TransformParent: {fileID: 2381383310148274837}
    m_Modifications:
    - target: {fileID: 2652866332632062581, guid: ac36a83878e33e54cb3ec90ee13a76db,
        type: 3}
      propertyPath: m_Name
      value: EA03_Prop_Town_AnimalSkin_01b_PRE
      objectReference: {fileID: 0}
    - target: {fileID: 2652866332632483413, guid: ac36a83878e33e54cb3ec90ee13a76db,
        type: 3}
      propertyPath: m_RootOrder
      value: 4
      objectReference: {fileID: 0}
    - target: {fileID: 2652866332632483413, guid: ac36a83878e33e54cb3ec90ee13a76db,
        type: 3}
      propertyPath: m_LocalScale.x
      value: 1.2977996
      objectReference: {fileID: 0}
    - target: {fileID: 2652866332632483413, guid: ac36a83878e33e54cb3ec90ee13a76db,
        type: 3}
      propertyPath: m_LocalScale.y
      value: 0.82025
      objectReference: {fileID: 0}
    - target: {fileID: 2652866332632483413, guid: ac36a83878e33e54cb3ec90ee13a76db,
        type: 3}
      propertyPath: m_LocalScale.z
      value: 0.82025
      objectReference: {fileID: 0}
    - target: {fileID: 2652866332632483413, guid: ac36a83878e33e54cb3ec90ee13a76db,
        type: 3}
      propertyPath: m_LocalPosition.x
      value: -0.005004883
      objectReference: {fileID: 0}
    - target: {fileID: 2652866332632483413, guid: ac36a83878e33e54cb3ec90ee13a76db,
        type: 3}
      propertyPath: m_LocalPosition.y
      value: 0.81500053
      objectReference: {fileID: 0}
    - target: {fileID: 2652866332632483413, guid: ac36a83878e33e54cb3ec90ee13a76db,
        type: 3}
      propertyPath: m_LocalPosition.z
      value: 0.06997681
      objectReference: {fileID: 0}
    - target: {fileID: 2652866332632483413, guid: ac36a83878e33e54cb3ec90ee13a76db,
        type: 3}
      propertyPath: m_LocalRotation.w
      value: 0.7071068
      objectReference: {fileID: 0}
    - target: {fileID: 2652866332632483413, guid: ac36a83878e33e54cb3ec90ee13a76db,
        type: 3}
      propertyPath: m_LocalRotation.x
      value: -0
      objectReference: {fileID: 0}
    - target: {fileID: 2652866332632483413, guid: ac36a83878e33e54cb3ec90ee13a76db,
        type: 3}
      propertyPath: m_LocalRotation.y
      value: 0.70710677
      objectReference: {fileID: 0}
    - target: {fileID: 2652866332632483413, guid: ac36a83878e33e54cb3ec90ee13a76db,
        type: 3}
      propertyPath: m_LocalRotation.z
      value: -0
      objectReference: {fileID: 0}
    - target: {fileID: 2652866332632483413, guid: ac36a83878e33e54cb3ec90ee13a76db,
        type: 3}
      propertyPath: m_LocalEulerAnglesHint.x
      value: 0
      objectReference: {fileID: 0}
    - target: {fileID: 2652866332632483413, guid: ac36a83878e33e54cb3ec90ee13a76db,
        type: 3}
      propertyPath: m_LocalEulerAnglesHint.y
      value: 90.00001
      objectReference: {fileID: 0}
    - target: {fileID: 2652866332632483413, guid: ac36a83878e33e54cb3ec90ee13a76db,
        type: 3}
      propertyPath: m_LocalEulerAnglesHint.z
      value: 0
      objectReference: {fileID: 0}
    m_RemovedComponents: []
  m_SourcePrefab: {fileID: 100100000, guid: ac36a83878e33e54cb3ec90ee13a76db, type: 3}
--- !u!4 &2242446427446848705 stripped
Transform:
  m_CorrespondingSourceObject: {fileID: 2652866332632483413, guid: ac36a83878e33e54cb3ec90ee13a76db,
    type: 3}
  m_PrefabInstance: {fileID: 4309411557956594324}
  m_PrefabAsset: {fileID: 0}
--- !u!1001 &4309411558097436805
PrefabInstance:
  m_ObjectHideFlags: 0
  serializedVersion: 2
  m_Modification:
    m_TransformParent: {fileID: 2381383310148274837}
    m_Modifications:
    - target: {fileID: 1846156423609158, guid: c92a12fb577ec0a48abf55cfc24bcecd, type: 3}
      propertyPath: m_Name
      value: EA03_Prop_Container_Conr_01a_PRE
      objectReference: {fileID: 0}
    - target: {fileID: 4378547764914004, guid: c92a12fb577ec0a48abf55cfc24bcecd, type: 3}
      propertyPath: m_RootOrder
      value: 0
      objectReference: {fileID: 0}
    - target: {fileID: 4378547764914004, guid: c92a12fb577ec0a48abf55cfc24bcecd, type: 3}
      propertyPath: m_LocalPosition.x
      value: 0.29632568
      objectReference: {fileID: 0}
    - target: {fileID: 4378547764914004, guid: c92a12fb577ec0a48abf55cfc24bcecd, type: 3}
      propertyPath: m_LocalPosition.y
      value: 0.2670002
      objectReference: {fileID: 0}
    - target: {fileID: 4378547764914004, guid: c92a12fb577ec0a48abf55cfc24bcecd, type: 3}
      propertyPath: m_LocalPosition.z
      value: 1.6659851
      objectReference: {fileID: 0}
    - target: {fileID: 4378547764914004, guid: c92a12fb577ec0a48abf55cfc24bcecd, type: 3}
      propertyPath: m_LocalRotation.w
      value: 1
      objectReference: {fileID: 0}
    - target: {fileID: 4378547764914004, guid: c92a12fb577ec0a48abf55cfc24bcecd, type: 3}
      propertyPath: m_LocalRotation.x
      value: -0
      objectReference: {fileID: 0}
    - target: {fileID: 4378547764914004, guid: c92a12fb577ec0a48abf55cfc24bcecd, type: 3}
      propertyPath: m_LocalRotation.y
      value: -0
      objectReference: {fileID: 0}
    - target: {fileID: 4378547764914004, guid: c92a12fb577ec0a48abf55cfc24bcecd, type: 3}
      propertyPath: m_LocalRotation.z
      value: -0
      objectReference: {fileID: 0}
    - target: {fileID: 4378547764914004, guid: c92a12fb577ec0a48abf55cfc24bcecd, type: 3}
      propertyPath: m_LocalEulerAnglesHint.x
      value: 0
      objectReference: {fileID: 0}
    - target: {fileID: 4378547764914004, guid: c92a12fb577ec0a48abf55cfc24bcecd, type: 3}
      propertyPath: m_LocalEulerAnglesHint.y
      value: 0
      objectReference: {fileID: 0}
    - target: {fileID: 4378547764914004, guid: c92a12fb577ec0a48abf55cfc24bcecd, type: 3}
      propertyPath: m_LocalEulerAnglesHint.z
      value: 0
      objectReference: {fileID: 0}
    m_RemovedComponents: []
  m_SourcePrefab: {fileID: 100100000, guid: c92a12fb577ec0a48abf55cfc24bcecd, type: 3}
--- !u!4 &4305886265988130769 stripped
Transform:
  m_CorrespondingSourceObject: {fileID: 4378547764914004, guid: c92a12fb577ec0a48abf55cfc24bcecd,
    type: 3}
  m_PrefabInstance: {fileID: 4309411558097436805}
  m_PrefabAsset: {fileID: 0}
--- !u!1001 &4309411558180352836
PrefabInstance:
  m_ObjectHideFlags: 0
  serializedVersion: 2
  m_Modification:
    m_TransformParent: {fileID: 2381383310148274837}
    m_Modifications:
    - target: {fileID: 2649376119844739699, guid: 1de5083244ecdb64995ead4f839d08f8,
        type: 3}
      propertyPath: m_Name
      value: EA03_Prop_Vegetable_Basket_01a_PRE
      objectReference: {fileID: 0}
    - target: {fileID: 9196001505512268658, guid: 1de5083244ecdb64995ead4f839d08f8,
        type: 3}
      propertyPath: m_RootOrder
      value: 5
      objectReference: {fileID: 0}
    - target: {fileID: 9196001505512268658, guid: 1de5083244ecdb64995ead4f839d08f8,
        type: 3}
      propertyPath: m_LocalScale.x
      value: 0.63341
      objectReference: {fileID: 0}
    - target: {fileID: 9196001505512268658, guid: 1de5083244ecdb64995ead4f839d08f8,
        type: 3}
      propertyPath: m_LocalScale.y
      value: 0.63341
      objectReference: {fileID: 0}
    - target: {fileID: 9196001505512268658, guid: 1de5083244ecdb64995ead4f839d08f8,
        type: 3}
      propertyPath: m_LocalScale.z
      value: 0.63341
      objectReference: {fileID: 0}
    - target: {fileID: 9196001505512268658, guid: 1de5083244ecdb64995ead4f839d08f8,
        type: 3}
      propertyPath: m_LocalPosition.x
      value: -0.08001709
      objectReference: {fileID: 0}
    - target: {fileID: 9196001505512268658, guid: 1de5083244ecdb64995ead4f839d08f8,
        type: 3}
      propertyPath: m_LocalPosition.y
      value: 0.80599976
      objectReference: {fileID: 0}
    - target: {fileID: 9196001505512268658, guid: 1de5083244ecdb64995ead4f839d08f8,
        type: 3}
      propertyPath: m_LocalPosition.z
      value: -0.08502197
      objectReference: {fileID: 0}
    - target: {fileID: 9196001505512268658, guid: 1de5083244ecdb64995ead4f839d08f8,
        type: 3}
      propertyPath: m_LocalRotation.w
      value: 1
      objectReference: {fileID: 0}
    - target: {fileID: 9196001505512268658, guid: 1de5083244ecdb64995ead4f839d08f8,
        type: 3}
      propertyPath: m_LocalRotation.x
      value: -0
      objectReference: {fileID: 0}
    - target: {fileID: 9196001505512268658, guid: 1de5083244ecdb64995ead4f839d08f8,
        type: 3}
      propertyPath: m_LocalRotation.y
      value: -0
      objectReference: {fileID: 0}
    - target: {fileID: 9196001505512268658, guid: 1de5083244ecdb64995ead4f839d08f8,
        type: 3}
      propertyPath: m_LocalRotation.z
      value: -0
      objectReference: {fileID: 0}
    - target: {fileID: 9196001505512268658, guid: 1de5083244ecdb64995ead4f839d08f8,
        type: 3}
      propertyPath: m_LocalEulerAnglesHint.x
      value: 0
      objectReference: {fileID: 0}
    - target: {fileID: 9196001505512268658, guid: 1de5083244ecdb64995ead4f839d08f8,
        type: 3}
      propertyPath: m_LocalEulerAnglesHint.y
      value: 0
      objectReference: {fileID: 0}
    - target: {fileID: 9196001505512268658, guid: 1de5083244ecdb64995ead4f839d08f8,
        type: 3}
      propertyPath: m_LocalEulerAnglesHint.z
      value: 0
      objectReference: {fileID: 0}
    m_RemovedComponents: []
  m_SourcePrefab: {fileID: 100100000, guid: 1de5083244ecdb64995ead4f839d08f8, type: 3}
--- !u!4 &4922672296562872374 stripped
Transform:
  m_CorrespondingSourceObject: {fileID: 9196001505512268658, guid: 1de5083244ecdb64995ead4f839d08f8,
    type: 3}
  m_PrefabInstance: {fileID: 4309411558180352836}
  m_PrefabAsset: {fileID: 0}
--- !u!1001 &4309411558262771123
PrefabInstance:
  m_ObjectHideFlags: 0
  serializedVersion: 2
  m_Modification:
    m_TransformParent: {fileID: 2381383310148274837}
    m_Modifications:
    - target: {fileID: 1805663326507536, guid: 24a03f4ff6a389c4783be3862c88fc42, type: 3}
      propertyPath: m_Name
      value: EA03_Items_House_Bottle_01a_PRE (1)
      objectReference: {fileID: 0}
    - target: {fileID: 4487191996240406, guid: 24a03f4ff6a389c4783be3862c88fc42, type: 3}
      propertyPath: m_RootOrder
      value: 3
      objectReference: {fileID: 0}
    - target: {fileID: 4487191996240406, guid: 24a03f4ff6a389c4783be3862c88fc42, type: 3}
      propertyPath: m_LocalScale.x
      value: 0.7663665
      objectReference: {fileID: 0}
    - target: {fileID: 4487191996240406, guid: 24a03f4ff6a389c4783be3862c88fc42, type: 3}
      propertyPath: m_LocalScale.y
      value: 0.7663665
      objectReference: {fileID: 0}
    - target: {fileID: 4487191996240406, guid: 24a03f4ff6a389c4783be3862c88fc42, type: 3}
      propertyPath: m_LocalScale.z
      value: 0.7663665
      objectReference: {fileID: 0}
    - target: {fileID: 4487191996240406, guid: 24a03f4ff6a389c4783be3862c88fc42, type: 3}
      propertyPath: m_LocalPosition.x
      value: 0.24694824
      objectReference: {fileID: 0}
    - target: {fileID: 4487191996240406, guid: 24a03f4ff6a389c4783be3862c88fc42, type: 3}
      propertyPath: m_LocalPosition.y
      value: 0.8285179
      objectReference: {fileID: 0}
    - target: {fileID: 4487191996240406, guid: 24a03f4ff6a389c4783be3862c88fc42, type: 3}
      propertyPath: m_LocalPosition.z
      value: -1.0370178
      objectReference: {fileID: 0}
    - target: {fileID: 4487191996240406, guid: 24a03f4ff6a389c4783be3862c88fc42, type: 3}
      propertyPath: m_LocalRotation.w
      value: 0.9238797
      objectReference: {fileID: 0}
    - target: {fileID: 4487191996240406, guid: 24a03f4ff6a389c4783be3862c88fc42, type: 3}
      propertyPath: m_LocalRotation.x
      value: -0
      objectReference: {fileID: 0}
    - target: {fileID: 4487191996240406, guid: 24a03f4ff6a389c4783be3862c88fc42, type: 3}
      propertyPath: m_LocalRotation.y
      value: -0.38268322
      objectReference: {fileID: 0}
    - target: {fileID: 4487191996240406, guid: 24a03f4ff6a389c4783be3862c88fc42, type: 3}
      propertyPath: m_LocalRotation.z
      value: -0
      objectReference: {fileID: 0}
    - target: {fileID: 4487191996240406, guid: 24a03f4ff6a389c4783be3862c88fc42, type: 3}
      propertyPath: m_LocalEulerAnglesHint.x
      value: 0
      objectReference: {fileID: 0}
    - target: {fileID: 4487191996240406, guid: 24a03f4ff6a389c4783be3862c88fc42, type: 3}
      propertyPath: m_LocalEulerAnglesHint.y
      value: -45.000004
      objectReference: {fileID: 0}
    - target: {fileID: 4487191996240406, guid: 24a03f4ff6a389c4783be3862c88fc42, type: 3}
      propertyPath: m_LocalEulerAnglesHint.z
      value: 0
      objectReference: {fileID: 0}
    m_RemovedComponents: []
  m_SourcePrefab: {fileID: 100100000, guid: 24a03f4ff6a389c4783be3862c88fc42, type: 3}
--- !u!4 &4305982105471328165 stripped
Transform:
  m_CorrespondingSourceObject: {fileID: 4487191996240406, guid: 24a03f4ff6a389c4783be3862c88fc42,
    type: 3}
  m_PrefabInstance: {fileID: 4309411558262771123}
  m_PrefabAsset: {fileID: 0}
--- !u!1001 &4309411558365111791
PrefabInstance:
  m_ObjectHideFlags: 0
  serializedVersion: 2
  m_Modification:
    m_TransformParent: {fileID: 2381383310148274837}
    m_Modifications:
    - target: {fileID: 8856522080416981916, guid: e889566dd5141c5438079fd5556671ec,
        type: 3}
      propertyPath: m_RootOrder
      value: 6
      objectReference: {fileID: 0}
    - target: {fileID: 8856522080416981916, guid: e889566dd5141c5438079fd5556671ec,
        type: 3}
      propertyPath: m_LocalScale.x
      value: 0.82301
      objectReference: {fileID: 0}
    - target: {fileID: 8856522080416981916, guid: e889566dd5141c5438079fd5556671ec,
        type: 3}
      propertyPath: m_LocalScale.y
      value: 0.82301
      objectReference: {fileID: 0}
    - target: {fileID: 8856522080416981916, guid: e889566dd5141c5438079fd5556671ec,
        type: 3}
      propertyPath: m_LocalScale.z
      value: 2.2462413
      objectReference: {fileID: 0}
    - target: {fileID: 8856522080416981916, guid: e889566dd5141c5438079fd5556671ec,
        type: 3}
      propertyPath: m_LocalPosition.x
      value: 0.8779907
      objectReference: {fileID: 0}
    - target: {fileID: 8856522080416981916, guid: e889566dd5141c5438079fd5556671ec,
        type: 3}
      propertyPath: m_LocalPosition.y
      value: -0.042999268
      objectReference: {fileID: 0}
    - target: {fileID: 8856522080416981916, guid: e889566dd5141c5438079fd5556671ec,
        type: 3}
      propertyPath: m_LocalPosition.z
      value: 0.035980225
      objectReference: {fileID: 0}
    - target: {fileID: 8856522080416981916, guid: e889566dd5141c5438079fd5556671ec,
        type: 3}
      propertyPath: m_LocalRotation.w
      value: 1
      objectReference: {fileID: 0}
    - target: {fileID: 8856522080416981916, guid: e889566dd5141c5438079fd5556671ec,
        type: 3}
      propertyPath: m_LocalRotation.x
      value: -0
      objectReference: {fileID: 0}
    - target: {fileID: 8856522080416981916, guid: e889566dd5141c5438079fd5556671ec,
        type: 3}
      propertyPath: m_LocalRotation.y
      value: -0
      objectReference: {fileID: 0}
    - target: {fileID: 8856522080416981916, guid: e889566dd5141c5438079fd5556671ec,
        type: 3}
      propertyPath: m_LocalRotation.z
      value: -0
      objectReference: {fileID: 0}
    - target: {fileID: 8856522080416981916, guid: e889566dd5141c5438079fd5556671ec,
        type: 3}
      propertyPath: m_LocalEulerAnglesHint.x
      value: 0
      objectReference: {fileID: 0}
    - target: {fileID: 8856522080416981916, guid: e889566dd5141c5438079fd5556671ec,
        type: 3}
      propertyPath: m_LocalEulerAnglesHint.y
      value: 0
      objectReference: {fileID: 0}
    - target: {fileID: 8856522080416981916, guid: e889566dd5141c5438079fd5556671ec,
        type: 3}
      propertyPath: m_LocalEulerAnglesHint.z
      value: 0
      objectReference: {fileID: 0}
    - target: {fileID: 8856522080417480636, guid: e889566dd5141c5438079fd5556671ec,
        type: 3}
      propertyPath: m_Name
      value: EA03_Prop_Tabble_02a_PRE
      objectReference: {fileID: 0}
    m_RemovedComponents: []
  m_SourcePrefab: {fileID: 100100000, guid: e889566dd5141c5438079fd5556671ec, type: 3}
--- !u!4 &4694638752171607667 stripped
Transform:
  m_CorrespondingSourceObject: {fileID: 8856522080416981916, guid: e889566dd5141c5438079fd5556671ec,
    type: 3}
  m_PrefabInstance: {fileID: 4309411558365111791}
  m_PrefabAsset: {fileID: 0}
--- !u!1001 &4309411558582542050
PrefabInstance:
  m_ObjectHideFlags: 0
  serializedVersion: 2
  m_Modification:
    m_TransformParent: {fileID: 2381383310148274837}
    m_Modifications:
    - target: {fileID: 8223760863875588507, guid: 37c5698a453a3b9489d364465122470b,
        type: 3}
      propertyPath: m_Name
      value: EA_Items_House_bowl_spoon_01a_PRE
      objectReference: {fileID: 0}
    - target: {fileID: 8990537625501622852, guid: 37c5698a453a3b9489d364465122470b,
        type: 3}
      propertyPath: m_RootOrder
      value: 2
      objectReference: {fileID: 0}
    - target: {fileID: 8990537625501622852, guid: 37c5698a453a3b9489d364465122470b,
        type: 3}
      propertyPath: m_LocalPosition.x
      value: -0.21502686
      objectReference: {fileID: 0}
    - target: {fileID: 8990537625501622852, guid: 37c5698a453a3b9489d364465122470b,
        type: 3}
      propertyPath: m_LocalPosition.y
      value: 0.8409996
      objectReference: {fileID: 0}
    - target: {fileID: 8990537625501622852, guid: 37c5698a453a3b9489d364465122470b,
        type: 3}
      propertyPath: m_LocalPosition.z
      value: 0.44699097
      objectReference: {fileID: 0}
    - target: {fileID: 8990537625501622852, guid: 37c5698a453a3b9489d364465122470b,
        type: 3}
      propertyPath: m_LocalRotation.w
      value: 1
      objectReference: {fileID: 0}
    - target: {fileID: 8990537625501622852, guid: 37c5698a453a3b9489d364465122470b,
        type: 3}
      propertyPath: m_LocalRotation.x
      value: -0
      objectReference: {fileID: 0}
    - target: {fileID: 8990537625501622852, guid: 37c5698a453a3b9489d364465122470b,
        type: 3}
      propertyPath: m_LocalRotation.y
      value: -0
      objectReference: {fileID: 0}
    - target: {fileID: 8990537625501622852, guid: 37c5698a453a3b9489d364465122470b,
        type: 3}
      propertyPath: m_LocalRotation.z
      value: -0
      objectReference: {fileID: 0}
    - target: {fileID: 8990537625501622852, guid: 37c5698a453a3b9489d364465122470b,
        type: 3}
      propertyPath: m_LocalEulerAnglesHint.x
      value: 0
      objectReference: {fileID: 0}
    - target: {fileID: 8990537625501622852, guid: 37c5698a453a3b9489d364465122470b,
        type: 3}
      propertyPath: m_LocalEulerAnglesHint.y
      value: 0
      objectReference: {fileID: 0}
    - target: {fileID: 8990537625501622852, guid: 37c5698a453a3b9489d364465122470b,
        type: 3}
      propertyPath: m_LocalEulerAnglesHint.z
      value: 0
      objectReference: {fileID: 0}
    m_RemovedComponents: []
  m_SourcePrefab: {fileID: 100100000, guid: 37c5698a453a3b9489d364465122470b, type: 3}
--- !u!4 &5119137765275516070 stripped
Transform:
  m_CorrespondingSourceObject: {fileID: 8990537625501622852, guid: 37c5698a453a3b9489d364465122470b,
    type: 3}
  m_PrefabInstance: {fileID: 4309411558582542050}
  m_PrefabAsset: {fileID: 0}
